


@misc{Freitas2015,
  author    = {Tiago Tobias Freitas and Thiago Luiz Pasqualino and Juliano Carlos Leão},
  title     = {O CPLD (Dispositivo Complexo de Lógica Programação Aplicada em Automação Industrial)},
  year      = {2005},
  url       = {https://edisciplinas.usp.br/pluginfile.php/530826/mod_resource/content/1/DISPOSITIVOS},
  note      = {Acessado em: 12 out. 2024}
}


@misc{Oliveira2011,
  author    = {Caio Augusto de Oliveira and Jéssica Azevedo de Aguiar and Mateus Galvão Said Fontanini},
  title     = {Dispositivos Lógicos Programáveis},
  year      = {2011},
  url       = {https://www.academia.edu/download/48391125/FPGA.pdf},
  note      = {Acessado em: 12 out. 2024}
}


@misc{USP-eDisciplinas,
  author       = {USP},
  title        = {Dispositivos Lógicos Programáveis (PLD)},
  howpublished = {\url{https://edisciplinas.usp.br}},
  year         = {2021},
  note         = {Acessado em: 12 out. 2024}
}


@misc{Rao2023,
  author       = {Ravi Rao},
  title        = {ASIC vs FPGA: A Comprehensive Comparison},
  howpublished = {\url{https://www.wevolver.com/article/asic-vs-fpga}},
  year         = {2023},
  note         = {Acessado em: 13 out. 2024}
}

@misc{Aragao1998,
  author       = {Antônio Carlos de Oliveira Aragão},
  title        = {Uma Arquitetura Sistólica para Solução de Sistemas Lineares Implementada com Circuitos FPGAs},
  howpublished = {\url{https://www.teses.usp.br/teses/disponiveis/55/55134/tde-19012001-110751/publico/dissert_aragao.pdf}},
  year         = {1998},
  note         = {Acessado em: 12 out. 2024}
}

@misc{Weber2016,
  author       = {André Felippe Weber and Helenluciany Cechinel and Maria Luiza Theisges and Marcos Moecke},
  title        = {Arquitetura FPGAs e CPLDs da ALTERA},
  howpublished = {\url{https://wiki.sj.ifsc.edu.br/images/2/2a/DLP29006-AE1-Tema1-2016-1.pdf}},
  year         = {2016},
  note         = {Acessado em: 12 out. 2024}
}

@misc{Nunato2017,
  author       = {Nunato},
  title        = {CPLD vs FPGA: Differences between them and which one to use?},
  howpublished = {\url{https://numato.com/kb/cpld-vs-fpga-differences-one-use/}},
  year         = {2017},
  note         = {Acessado em: 12 out. 2024}
}


